% bibliography entries for this paper
